@book{dummitfoote,
address={New York},
edition={3rd ed},
title={Abstract algebra},
publisher={Wiley},
author={Dummit, David S. and Foote, Richard M.},
year={2004} }

@book{artinalgebra,
edition = {2nd ed., new international ed.},
isbn = {978-1-292-02766-1},
keywords = {AÃÅlgebra},
language = {eng},
author = {Artin, Michael.},
address = {Edinbourgh Gate, Harlow, Essex},
booktitle = {Algebra},
publisher = {Pearson},
title = {Algebra / Michael Artin.},
year = {2014},
}

